<?xml version="1.0" encoding="UTF-8"?><collection xmlns="http://www.loc.gov/MARC21/slim"><record><leader>00526nam--2200193-i-4500</leader><controlfield tag="001">000022405</controlfield><controlfield tag="002">20161230</controlfield><controlfield tag="005">20161230201034</controlfield><controlfield tag="008">060222s1000------------r-----000-0-eng-d</controlfield><datafield ind1=" " ind2=" " tag="040"><subfield code="a">IFIN-HH</subfield></datafield><datafield ind1=" " ind2=" " tag="080"><subfield code="a">533.9</subfield></datafield><datafield ind1="1" ind2=" " tag="100"><subfield code="a">Heald, M.A</subfield></datafield><datafield ind1="1" ind2="0" tag="245"><subfield code="a">Plasma diagnostics with microwaves</subfield><subfield code="c">M.a. heald, c.b. wharton</subfield></datafield><datafield ind1=" " ind2=" " tag="260"><subfield code="a">New York, John Wiley &amp; Sons Inc., 1965</subfield></datafield><datafield ind1=" " ind2=" " tag="300"><subfield code="a">XVII + 452 P</subfield></datafield><datafield ind1=" " ind2=" " tag="490"><subfield code="a">Wiley Series In Plasma Physics</subfield></datafield><datafield ind1="1" ind2=" " tag="700"><subfield code="a">Wharton, C.B</subfield></datafield><datafield ind1=" " ind2=" " tag="852"><subfield code="a">21804</subfield><subfield code="c">533.9</subfield></datafield><datafield ind1=" " ind2=" " tag="CAT"><subfield code="a">Sys</subfield><subfield code="c">20100922</subfield><subfield code="h">112217</subfield></datafield></record></collection>